@Book{ggplot2,
  title = {{ggplot2}: Elegant Graphics for Data Analysis},
  author = {Wickham, Hadley},
  year = {2016},
  isbn = {978-3-319-24275-0},
  url = {https://ggplot2-book.org/},
}

@Book{rmarkdown,
  title = {R Markdown Cookbook},
  author = {Xie, Yihui and Dervieux, Christophe and Riederer, Emily},
  year = {2020},
  isbn = {978-0-367-56383-7},
  url = {https://bookdown.org/yihui/rmarkdown-cookbook/},
}
